<record><leader>00000cas a22000007a 4500</leader><controlfield tag="001">23378430</controlfield><controlfield tag="008">910405d18851892ohuwr ne      0    0eng d</controlfield><controlfield tag="009">8043</controlfield><datafield ind1=" " ind2=" " tag="010"><subfield code="a">sn 91069629 </subfield></datafield><datafield ind1=" " ind2=" " tag="040"><subfield code="a">ONP</subfield><subfield code="b">eng</subfield><subfield code="c">ONP</subfield><subfield code="d">OCLCQ</subfield></datafield><datafield ind1=" " ind2=" " tag="042"><subfield code="a">msc</subfield></datafield><datafield ind1="0" ind2="4" tag="245"><subfield code="a">The Miami Valley news.</subfield></datafield><datafield ind1=" " ind2=" " tag="260"><subfield code="a">Lockland, Ohio :</subfield><subfield code="b">Joe M. Taylor,</subfield><subfield code="c">1885-1892.</subfield></datafield><datafield ind1=" " ind2=" " tag="300"><subfield code="a">v.</subfield></datafield><datafield ind1=" " ind2=" " tag="310"><subfield code="a">Weekly</subfield></datafield><datafield ind1="0" ind2=" " tag="362"><subfield code="a">Vol. 1, no. 1 (Jan. 14, 1885)-v. 8, no. 27 (July 9, 1892).</subfield></datafield><datafield ind1=" " ind2=" " tag="500"><subfield code="a">"Devoted to the interests of Lockland, Reading, Wyoming and the Miami Valley."</subfield></datafield><datafield ind1=" " ind2=" " tag="752"><subfield code="a">United States</subfield><subfield code="b">Ohio</subfield><subfield code="c">Hamilton</subfield><subfield code="d">Lockland.</subfield></datafield><datafield ind1="0" ind2="0" tag="785"><subfield code="t">Review and news</subfield><subfield code="w">(DLC)sn 91069628</subfield></datafield></record>